@misc{wu2024surveylargelanguagemodels,
      title={A Survey on Large Language Models for Recommendation}, 
      author={Likang Wu and Zhi Zheng and Zhaopeng Qiu and Hao Wang and Hongchao Gu and Tingjia Shen and Chuan Qin and Chen Zhu and Hengshu Zhu and Qi Liu and Hui Xiong and Enhong Chen},
      year={2024},
      eprint={2305.19860},
      archivePrefix={arXiv},
      primaryClass={cs.IR},
      url={https://arxiv.org/abs/2305.19860}, 
}

@misc{peng2025surveyllmpoweredagentsrecommender,
      title={A Survey on LLM-powered Agents for Recommender Systems}, 
      author={Qiyao Peng and Hongtao Liu and Hua Huang and Qing Yang and Minglai Shao},
      year={2025},
      eprint={2502.10050},
      archivePrefix={arXiv},
      primaryClass={cs.IR},
      url={https://arxiv.org/abs/2502.10050}, 
}

@misc{vats2024exploringimpactlargelanguage,
      title={Exploring the Impact of Large Language Models on Recommender Systems: An Extensive Review}, 
      author={Arpita Vats and Vinija Jain and Rahul Raja and Aman Chadha},
      year={2024},
      eprint={2402.18590},
      archivePrefix={arXiv},
      primaryClass={cs.IR},
      url={https://arxiv.org/abs/2402.18590}, 
}
@misc{yuan2023recommendersystemsidvs,
      title={Where to Go Next for Recommender Systems? ID- vs. Modality-based Recommender Models Revisited}, 
      author={Zheng Yuan and Fajie Yuan and Yu Song and Youhua Li and Junchen Fu and Fei Yang and Yunzhu Pan and Yongxin Ni},
      year={2023},
      eprint={2303.13835},
      archivePrefix={arXiv},
      primaryClass={cs.IR},
      url={https://arxiv.org/abs/2303.13835}, 
}

@article{zhao2024recommendersystemsin,
   title={Recommender Systems in the Era of Large Language Models (LLMs)},
   volume={36},
   ISSN={2326-3865},
   url={http://dx.doi.org/10.1109/TKDE.2024.3392335},
   DOI={10.1109/tkde.2024.3392335},
   number={11},
   journal={IEEE Transactions on Knowledge and Data Engineering},
   publisher={Institute of Electrical and Electronics Engineers (IEEE)},
   author={Zhao, Zihuai and Fan, Wenqi and Li, Jiatong and Liu, Yunqing and Mei, Xiaowei and Wang, Yiqi and Wen, Zhen and Wang, Fei and Zhao, Xiangyu and Tang, Jiliang and Li, Qing},
   year={2024},
   month=nov, pages={6889–6907} }

@Article{zhang2021languagemodelsasrecommendersystemsevaluations,
 author = {Yuhui Zhang and Hao Ding and Zeren Shui and Yifei Ma and James Zou and Anoop Deoras and Hao Wang},
 title = {Language models as recommender systems: Evaluations and limitations},
 year = {2021},
 url = {https://www.amazon.science/publications/language-models-as-recommender-systems-evaluations-and-limitations},
}

@misc{rajput2023recommendersystemsgenerativeretrieval,
      title={Recommender Systems with Generative Retrieval}, 
      author={Shashank Rajput and Nikhil Mehta and Anima Singh and Raghunandan H. Keshavan and Trung Vu and Lukasz Heldt and Lichan Hong and Yi Tay and Vinh Q. Tran and Jonah Samost and Maciej Kula and Ed H. Chi and Maheswaran Sathiamoorthy},
      year={2023},
      eprint={2305.05065},
      archivePrefix={arXiv},
      primaryClass={cs.IR},
      url={https://arxiv.org/abs/2305.05065}, 
}

@inproceedings{zhu2024collaborativelargelanguagemodel, series={WWW ’24},
   title={Collaborative Large Language Model for Recommender Systems},
   url={http://dx.doi.org/10.1145/3589334.3645347},
   DOI={10.1145/3589334.3645347},
   booktitle={Proceedings of the ACM Web Conference 2024},
   publisher={ACM},
   author={Zhu, Yaochen and Wu, Liang and Guo, Qi and Hong, Liangjie and Li, Jundong},
   year={2024},
   month=may, pages={3162–3172},
   collection={WWW ’24} }

@inproceedings{devlin2019bert,
    title = "{BERT}: Pre-training of Deep Bidirectional Transformers for Language Understanding",
    author = "Devlin, Jacob  and
      Chang, Ming-Wei  and
      Lee, Kenton  and
      Toutanova, Kristina",
    editor = "Burstein, Jill  and
      Doran, Christy  and
      Solorio, Thamar",
    booktitle = "Proceedings of the 2019 Conference of the North {A}merican Chapter of the Association for Computational Linguistics: Human Language Technologies, Volume 1 (Long and Short Papers)",
    month = jun,
    year = "2019",
    address = "Minneapolis, Minnesota",
    publisher = "Association for Computational Linguistics",
    url = "https://aclanthology.org/N19-1423/",
    doi = "10.18653/v1/N19-1423",
}

@inproceedings{sun2019bert4rec,
  title={BERT4Rec: Sequential recommendation with bidirectional encoder representations from transformer},
  author={Sun, Fei and Liu, Jun and Wu, Jian and Pei, Changhua and Lin, Xiao and Ou, Wenwu and Jiang, Peng},
  booktitle={Proceedings of the 28th ACM international conference on information and knowledge management},
  pages={1441--1450},
  year={2019}
}

@misc{palumbo2025text2trackspromptbasedmusicrecommendation,
      title={Text2Tracks: Prompt-based Music Recommendation via Generative Retrieval}, 
      author={Enrico Palumbo and Gustavo Penha and Andreas Damianou and José Luis Redondo García and Timothy Christopher Heath and Alice Wang and Hugues Bouchard and Mounia Lalmas},
      year={2025},
      eprint={2503.24193},
      archivePrefix={arXiv},
      primaryClass={cs.IR},
      url={https://arxiv.org/abs/2503.24193}, 
}

@misc{gao2023chatrec,
      title={Chat-REC: Towards Interactive and Explainable LLMs-Augmented Recommender System}, 
      author={Yunfan Gao and Tao Sheng and Youlin Xiang and Yun Xiong and Haofen Wang and Jiawei Zhang},
      year={2023},
      eprint={2303.14524},
      archivePrefix={arXiv},
      primaryClass={cs.IR},
      url={https://arxiv.org/abs/2303.14524}, 
}
@inproceedings{geng2022recommendationaslanguageprocessing,
author = {Geng, Shijie and Liu, Shuchang and Fu, Zuohui and Ge, Yingqiang and Zhang, Yongfeng},
title = {Recommendation as Language Processing (RLP): A Unified Pretrain, Personalized Prompt \& Predict Paradigm (P5)},
year = {2022},
isbn = {9781450392785},
publisher = {Association for Computing Machinery},
address = {New York, NY, USA},
url = {https://doi.org/10.1145/3523227.3546767},
doi = {10.1145/3523227.3546767},
}

@misc{cui2022m6recgenerativepretrainedlanguage,
      title={M6-Rec: Generative Pretrained Language Models are Open-Ended Recommender Systems}, 
      author={Zeyu Cui and Jianxin Ma and Chang Zhou and Jingren Zhou and Hongxia Yang},
      year={2022},
      eprint={2205.08084},
      archivePrefix={arXiv},
      primaryClass={cs.IR},
      url={https://arxiv.org/abs/2205.08084}, 
}

@article{fang2025reason4rec,
  title={Reason4Rec: Large Language Models for Recommendation with Deliberative User Preference Alignment},
  author={Fang, Yi and Wang, Wenjie and Zhang, Yang and Zhu, Fengbin and Wang, Qifan and Feng, Fuli and He, Xiangnan},
  journal={CoRR},
  year={2025}
}

@inproceedings{wang2024llms,
  title={Llms for user interest exploration in large-scale recommendation systems},
  author={Wang, Jianling and Lu, Haokai and Liu, Yifan and Ma, He and Wang, Yueqi and Gu, Yang and Zhang, Shuzhou and Han, Ningren and Bi, Shuchao and Baugher, Lexi and others},
  booktitle={Proceedings of the 18th ACM Conference on Recommender Systems},
  pages={872--877},
  year={2024}
}